
@Book{Milner99,
  author =       "R. Milner",
  title =        "Communicating and Mobile Systems: The $\pi$-Calculus",
  publisher =    "Cambridge University Press",
  address =      "Cambridge",
  year =         "1999",
}

@InCollection{Shapiro87a,
  author =       "E. Shapiro",
  editor =       "E. Shapiro",
  booktitle =    "Concurrent Prolog (vol. I)",
  title =        "",
  publisher =    "MIT Press",
  address =      "",
  pages =        "157--187",
  year =         "1987",
}

@misc{logix:user-man,
	author = { Silverman, W. and Hirsch, M. and Shapiro, E.},
	title = {Logix User Manual for System 2.0},
        howpublished = {Logix System distribution documents}
}

@misc{logix:user-man-supp,
	author = { Silverman, W. and Hirsch, M. and Houri, A. and Shapiro, E.},
	title = {Supplement to User Manual for System 2.0},
        howpublished = {Logix System distribution documents}
}

@inproceedings{PT99,
	author = {Pierce, B.C. and Turner, D.N.},
	title = {{PICT}: A Programming Language Based on the Pi-Calculus},
	booktitle = {In Proof, Language and Interaction: Essays
	in honour of Robin Milner},
	publisher = {MIT Press},
	year = {1999}
}
@article{Pri95,
	author = {Priami, C.},
	title = {Stochastic $\pi$-calculus},
	journal = {The Computer Journal},
	year = {1995},
    volume = {38},
    number = {6},
    pages = {578-589}
}
@inProceedings{RPSS,
   author =    {Regev, A. and Priami, C. and Silverman, W. and Shapiro, E.},
   title =     {Stochastic process algebras for the modeling of biomolecular processes},
   year =      2000,
   note =   {Submitted},
}

@article{Gil77,
   author =  {Gillespie, D.T.},
   title =   {Exact stochastic simulation of coupled chemical reactions},
   journal = {Journal of Physical Chemistry},
   volume =  81,
   pages =   {2340--2361},
   year =    1977,
   number =  25
}








